@misc{breen_2020, title={Keeping up social distancing could pose challenge as coronavirus pandemic wears on}, url={https://globalnews.ca/news/6861688/coronavirus-social-distancing-challenges/}, author={Breen, Kerri}, year={2020}, month={Apr}}

@article{kim_hovy_2004, title={Determining the sentiment of opinions. Proceedings of the 20th international conference on Computational Linguistics (COLING 04)}, volume={1367}, DOI={10.3115/1220355.1220555}, journal={Association for Computational Linguistics}, author={Kim, Soo-Min and Hovy, Eduard}, year={2004}}

@article{lei_ghosh_dekhil_hsu_lu_2011, title={Combining Lexicon-based and Learning-based Methods for Twitter Sentiment Analysis}, number={2011}, journal={Hewlett-Packard Development Company, L.P.}, author={Lei, Zhang and Ghosh, Riddhiman and Dekhil, Mohamed and Hsu, Meichun and Lu, Bing}, year={2011}}

@article{pang_lee_2008, title={Opinion Mining and Sentiment Analysis}, DOI={10.1561/9781601981516}, number={2}, journal={Foundations and Trends in Information Retrieval}, author={Pang, Bo and Lee, Lillian}, year={2008}, pages={1?135}}

@article{severyn_moschitti_2015, title={Twitter Sentiment Analysis with Deep Convolutional Neural Networks}, DOI={10.18653/v1/s15-2079}, journal={Association for Computing Machinery}, author={Severyn, Aliaksei and Moschitti, Alessandro}, year={2015}}

@article{sosa_2017, title={Twitter Sentiment Analysis using combined LSTM-CNN Models}, journal={University of California, Santa Barbara}, author={Sosa, Pedro M}, year={2017}}

@article{wan_gao_2015, title={An Ensemble Sentiment Classification System of Twitter Data for Airline Services Analysis}, DOI={10.1109/icdmw.2015.7}, journal={2015 IEEE International Conference on Data Mining Workshop (ICDMW)}, author={Wan, Yun and Gao, Qigang}, year={2015}}